<?xml version="1.0" encoding="utf-8"?>
<record xmlns="http://www.loc.gov/MARC21/slim" xmlns:xsi="http://www.w3.org/2001/XMLSchema-instance" xsi:schemaLocation="http://www.loc.gov/MARC21/slim http://www.loc.gov/standards/marcxml/schema/MARC21slim.xsd">
	<leader>     nam a22        4500</leader>
	<controlfield tag="001">2983617</controlfield>
	<controlfield tag="003">NNC</controlfield>
	<controlfield tag="006">m        d        </controlfield>
	<controlfield tag="007">cr cn |||m|||a</controlfield>
	<controlfield tag="008">171205s1905    ua      o     000 0 ara d</controlfield>
	<datafield ind1=" " ind2=" " tag="040">
		<subfield code="a">NNU</subfield>
		<subfield code="b">eng</subfield>
		<subfield code="e">rda</subfield>
		<subfield code="c">NNU</subfield>
	</datafield>
	<datafield ind1=" " ind2="4" tag="050">
		<subfield code="a">PJ6101.I23</subfield>
		<subfield code="b">A9 1905</subfield>
	</datafield>
	<datafield ind1="1" ind2=" " tag="100">
		<subfield code="6">880-01</subfield>
		<subfield code="a">Azharī, Khālid ibn ʻAbd Allāh,</subfield>
		<subfield code="d">-1499.</subfield>
	</datafield>
	<datafield ind1="1" ind2="0" tag="245">
		<subfield code="6">880-02</subfield>
		<subfield code="a">Iʻrāb Alfīyat al-imām Ibn Mālik fī al-naḥw, al-musammā :</subfield>
		<subfield code="b">Tamrīn al-ṭullāb fī ṣināʻat al-iʻrāb, lil-shaykh .../ </subfield>
		<subfield code="c">Zayn al-Dīn Abī al-Walīd Khālid ibn ʻAbd Allāh al-Azharī. Wa-bi-hāmishihī: sharh al-shaykh Khālid, al-musammā: Muwaṣsil al-tullāb ilā Qawāʻid al-iʻrāb, lil-ʻallāmah Ibn Hisʻhām al-Ansārī.</subfield>
	</datafield>
	<datafield ind1=" " ind2=" " tag="260">
		<subfield code="6">880-03</subfield>
		<subfield code="a">[al-Qāhirah] :</subfield>
		<subfield code="b">al-Matbaʻah al-Ḥusaynīyah al-Misrīyah,</subfield>
		<subfield code="c">[1323 h., 1905]</subfield>
	</datafield>
	<datafield ind1=" " ind2=" " tag="300">
		<subfield code="a">online resource (143 pages)</subfield>
	</datafield>
	<datafield ind1=" " ind2=" " tag="336">
		<subfield code="a">text</subfield>
		<subfield code="2">rdacontent</subfield>
	</datafield>
	<datafield ind1=" " ind2=" " tag="337">
		<subfield code="a">computer</subfield>
		<subfield code="2">rdamedia</subfield>
	</datafield>
	<datafield ind1=" " ind2=" " tag="338">
		<subfield code="a">online resource</subfield>
		<subfield code="2">rdacarrier</subfield>
	</datafield>
	<datafield ind1=" " ind2=" " tag="500">
		<subfield code="a">Part of the Arabic Collections Online (ACO) project, contributed by Columbia University Libraries.</subfield>
	</datafield>
	<datafield ind1=" " ind2=" " tag="533">
		<subfield code="a">Electronic reproduction.</subfield>
		<subfield code="b">New York, N.Y. :</subfield>
		<subfield code="c">New York University,</subfield>
		<subfield code="d">2017.</subfield>
		<subfield code="5">NNU</subfield>
	</datafield>
	<datafield ind1="1" ind2="0" tag="600">
		<subfield code="6">880-04</subfield>
		<subfield code="a">Ibn Mālik, Muḥammad ibn ʻAbd Allāh,</subfield>
		<subfield code="d">-1274.</subfield>
		<subfield code="t">Alfīyah.</subfield>
	</datafield>
	<datafield ind1=" " ind2="0" tag="650">
		<subfield code="a">Arabic language</subfield>
		<subfield code="x">Grammar.</subfield>
	</datafield>
	<datafield ind1="2" ind2=" " tag="710">
		<subfield code="a">Columbia University.</subfield>
		<subfield code="b">Libraries.</subfield>
	</datafield>
	<datafield ind1="0" ind2=" " tag="730">
		<subfield code="a">Arabic Collections Online.</subfield>
	</datafield>
	<datafield ind1="0" ind2="8" tag="776">
		<subfield code="i">Print version:</subfield>
		<subfield code="a">Azharī, Khālid ibn ʻAbd Allāh, -1499.</subfield>
		<subfield code="t">Iʻrāb Alfīyat al-imām Ibn Mālik fī al-naḥw, al-musammā</subfield>
		<subfield code="w">(NNC)2983617</subfield>
		<subfield code="w">(OCoLC)46322084</subfield>
	</datafield>
	<datafield ind1="4" ind2="0" tag="856">
		<subfield code="u">http://hdl.handle.net/2333.1/0gb5mrt4</subfield>
	</datafield>
	<datafield ind1="1" ind2=" " tag="880">
		<subfield code="6">100-01/r</subfield>
		<subfield code="a">ازهري، خالد بن عبد الله،</subfield>
		<subfield code="d">-1499.</subfield>
	</datafield>
	<datafield ind1="1" ind2="0" tag="880">
		<subfield code="6">245-02/r</subfield>
		<subfield code="a">اعراب الفية الامام ابن مالك في النحو، المسمى :</subfield>
		<subfield code="b">تمرين الطلاب في صناعة الاعراب، للشيخ ... /</subfield>
		<subfield code="c">زين الدين ابي الوليد خال بن عبد الله الاچري. وبهامشهي: شره الشيخ خال، المسما: موصسل التلاب الا قواعد الاعراب، للعلامة ابن هسعهام الانساري.</subfield>
	</datafield>
	<datafield ind1=" " ind2=" " tag="880">
		<subfield code="6">260-03/r</subfield>
		<subfield code="a">[القاهرة] :</subfield>
		<subfield code="b">المطبعة الحسينية المصرية،</subfield>
		<subfield code="c">[1323 ه.، 1905]</subfield>
	</datafield>
	<datafield ind1="1" ind2="4" tag="880">
		<subfield code="6">600-04/r</subfield>
		<subfield code="a">ابن مالك، محمد بن عبد الله،</subfield>
		<subfield code="d">-1274.</subfield>
		<subfield code="t">الفية.</subfield>
	</datafield>
	<datafield ind1=" " ind2=" " tag="959">
		<subfield code="a">NNU</subfield>
		<subfield code="b">WEB</subfield>
		<subfield code="c">GENI</subfield>
		<subfield code="t">0</subfield>
		<subfield code="m">Electronic access</subfield>
		<subfield code="s">01</subfield>
	</datafield>
	<datafield ind1=" " ind2=" " tag="999">
		<subfield code="i">NNC_2983617</subfield>
		<subfield code="o">(OCoLC)ocm46322084</subfield>
		<subfield code="s">columbia_aco002781</subfield>
		<subfield code="e">(ERROR-880)</subfield>
		<subfield code="s">columbia_aco002781</subfield>
	</datafield>
</record>
